<record><leader>00000cas a22000007a 4500</leader><controlfield tag="001">26861583</controlfield><controlfield tag="008">921026d18811887caucr ne      0    0eng d</controlfield><datafield ind1=" " ind2=" " tag="010"><subfield code="a">sn 92068417 </subfield></datafield><datafield ind1=" " ind2=" " tag="040"><subfield code="a">CUY</subfield><subfield code="b">eng</subfield><subfield code="c">CNK</subfield><subfield code="d">OCLCQ</subfield></datafield><datafield ind1=" " ind2=" " tag="042"><subfield code="a">msc</subfield></datafield><datafield ind1="0" ind2=" " tag="130"><subfield code="a">Valley record (Gilroy, Calif.)</subfield></datafield><datafield ind1="1" ind2="0" tag="245"><subfield code="a">Valley record.</subfield></datafield><datafield ind1="3" ind2="0" tag="246"><subfield code="a">Valley record semi-weekly</subfield></datafield><datafield ind1="1" ind2="7" tag="246"><subfield code="a">Semi-weekly valley record</subfield><subfield code="f">&lt;Dec. 31, 1886&gt;-</subfield></datafield><datafield ind1=" " ind2=" " tag="260"><subfield code="a">Gilroy, Santa Clara County, Cal. :</subfield><subfield code="b">E.S. Harrison</subfield></datafield><datafield ind1=" " ind2=" " tag="300"><subfield code="a">v.</subfield></datafield><datafield ind1=" " ind2=" " tag="310"><subfield code="a">Semiweekly,</subfield><subfield code="b">&lt;Dec. 31, 1886&gt;-Nov. 1, 1887</subfield></datafield><datafield ind1=" " ind2=" " tag="321"><subfield code="a">Weekly,</subfield><subfield code="b">May 6, 1881-&lt;June 23, 1883&gt;</subfield></datafield><datafield ind1="0" ind2=" " tag="362"><subfield code="a">Vol. 1, no. 1 (May 6, 1881)-v. 7, no. 104 (Nov. 1, 1887).</subfield></datafield><datafield ind1=" " ind2=" " tag="500"><subfield code="a">"Semi-weekly" appears below masthead title, &lt;Dec. 31, 1886-Nov. 1, 1887&gt;.</subfield></datafield><datafield ind1=" " ind2="4" tag="651"><subfield code="a">Santa Clara County (Calif.)</subfield><subfield code="v">Newspapers.</subfield></datafield><datafield ind1=" " ind2=" " tag="752"><subfield code="a">United States</subfield><subfield code="b">California</subfield><subfield code="c">Santa Clara</subfield><subfield code="d">Gilroy.</subfield></datafield><datafield ind1="0" ind2="0" tag="785"><subfield code="t">Gilroy gazette</subfield><subfield code="w">(DLC)sn 92068413</subfield></datafield><datafield ind1="1" ind2=" " tag="029"><subfield code="a">AU@</subfield><subfield code="b">000020726162</subfield></datafield></record>